<collection xmlns="http://www.loc.gov/MARC21/slim">
<record>
  <leader>02985nam0a22004811i 450 </leader>
  <controlfield tag="001">IT\ICCU\CNCE\067003</controlfield>
  <controlfield tag="005">20100210000000.0</controlfield>
  <datafield tag="012" ind1=" " ind2=" ">
    <subfield code="a">eiam m.em a-.&amp; quff (3) 1570 (A)</subfield>
    <subfield code="2">fei</subfield>
    <subfield code="9">1</subfield>
  </datafield>
  <datafield tag="012" ind1=" " ind2=" ">
    <subfield code="a">nae- ris. lape cira (C) 1569 (R)</subfield>
    <subfield code="2">fei</subfield>
    <subfield code="9">2</subfield>
  </datafield>
  <datafield tag="012" ind1=" " ind2=" ">
    <subfield code="a">n-s. ste. oce- inbi (C) 1570 (R)</subfield>
    <subfield code="2">fei</subfield>
    <subfield code="9">3</subfield>
  </datafield>
  <datafield tag="012" ind1=" " ind2=" ">
    <subfield code="a">cuu. isr. i.us coAb (C) 1570 (R)</subfield>
    <subfield code="2">fei</subfield>
    <subfield code="9">4</subfield>
  </datafield>
  <datafield tag="100" ind1=" " ind2=" ">
    <subfield code="a">20060907g15691570    0itac0103    ba</subfield>
  </datafield>
  <datafield tag="101" ind1=" " ind2=" ">
    <subfield code="a">LAT</subfield>
  </datafield>
  <datafield tag="102" ind1=" " ind2=" ">
    <subfield code="a">IT</subfield>
  </datafield>
  <datafield tag="200" ind1="1" ind2=" ">
    <subfield code="a">Commentaria Felini Sandei Ferrariensis, iuris canonici interpretis ... in 5. lib. decretalium utilissima, pars prima \-tertia!. Doctissimorum virorum, Benedicti  ̉Vadis, Philippi Simonetae, Ioannis de Gradibus, atque Brunori  ̉Sole, ... illustrata, ac integritati suae fideliter restituta. Vna cum tractatibus eiusdem Felini, &amp; rerum ac sententiarum hoc opere praecipu ̈memorabilium indice, &amp; copiosissimo, &amp; fidelissimo</subfield>
  </datafield>
  <datafield tag="210" ind1=" " ind2=" ">
    <subfield code="a">Venetiis</subfield>
    <subfield code="c">apud haeredes Melchioris Sessae</subfield>
    <subfield code="d">1570</subfield>
    <subfield code="e">Venetiis</subfield>
    <subfield code="g">apud Iacobum Picaiam excudebatur</subfield>
    <subfield code="h">1570</subfield>
  </datafield>
  <datafield tag="215" ind1=" " ind2=" ">
    <subfield code="a">4 v.</subfield>
    <subfield code="d">fol</subfield>
  </datafield>
  <datafield tag="300" ind1=" " ind2=" ">
    <subfield code="a">2: Venetiis : apud haeredes Melchioris Sessae, 1569.3: Venetiis : apud haeredes Melchioris Sessae, 1570 (Venetiis : apud Iacobum Picaiam, 1569).4: Venetiis : apud haeredes Melchioris Sessae, 1570 (Venetiis : apud Iacobum Picaiam, 1570)</subfield>
  </datafield>
  <datafield tag="620" ind1=" " ind2=" ">
    <subfield code="a">IT</subfield>
    <subfield code="d">Venezia</subfield>
  </datafield>
  <datafield tag="700" ind1=" " ind2="1">
    <subfield code="a">Sandeo,</subfield>
    <subfield code="b">Felino Maria</subfield>
    <subfield code="3">IT\ICCU\CNCA\002167</subfield>
  </datafield>
  <datafield tag="702" ind1=" " ind2="1">
    <subfield code="a">Sole,</subfield>
    <subfield code="b">Brunoro</subfield>
    <subfield code="3">IT\ICCU\CNCA\004578</subfield>
  </datafield>
  <datafield tag="702" ind1=" " ind2="1">
    <subfield code="a">Simoneta,</subfield>
    <subfield code="b">Philippus</subfield>
    <subfield code="3">IT\ICCU\CNCA\013545</subfield>
  </datafield>
  <datafield tag="702" ind1=" " ind2="1">
    <subfield code="a">Vadi,</subfield>
    <subfield code="b">Benedetto</subfield>
    <subfield code="3">IT\ICCU\CNCA\000008</subfield>
  </datafield>
  <datafield tag="702" ind1=" " ind2="1">
    <subfield code="a">Gradi,</subfield>
    <subfield code="b">Jean</subfield>
    <subfield code="3">IT\ICCU\CNCA\001007</subfield>
  </datafield>
  <datafield tag="712" ind1="0" ind2="0">
    <subfield code="a">Sessa, Melchiorre</subfield>
    <subfield code="c"> &lt;1.&gt; - eredi</subfield>
    <subfield code="3">IT\ICCU\CNCT\000242</subfield>
    <subfield code="4">650</subfield>
  </datafield>
  <datafield tag="712" ind1="0" ind2="0">
    <subfield code="a">Piccaglia, Giacomo</subfield>
    <subfield code="3">IT\ICCU\CNCT\000413</subfield>
    <subfield code="4">650</subfield>
  </datafield>
  <datafield tag="790" ind1=" " ind2="0">
    <subfield code="a">Brunorus</subfield>
    <subfield code="c"> : a#Sole</subfield>
    <subfield code="3">IT\ICCU\CNCA\015207</subfield>
    <subfield code="z">Sole, Brunoro</subfield>
  </datafield>
  <datafield tag="790" ind1=" " ind2="1">
    <subfield code="a">Dal_Sole,</subfield>
    <subfield code="b">Brunoro</subfield>
    <subfield code="3">IT\ICCU\CNCA\020794</subfield>
    <subfield code="z">Sole, Brunoro</subfield>
  </datafield>
  <datafield tag="790" ind1=" " ind2="1">
    <subfield code="a">Vadis,</subfield>
    <subfield code="b">Benedictus : de</subfield>
    <subfield code="3">IT\ICCU\CNCA\022667</subfield>
    <subfield code="z">Vadi, Benedetto</subfield>
  </datafield>
  <datafield tag="790" ind1=" " ind2="1">
    <subfield code="a">Gradibus,</subfield>
    <subfield code="b">Ioannes de</subfield>
    <subfield code="3">IT\ICCU\CNCA\014248</subfield>
    <subfield code="z">Gradi, Jean</subfield>
  </datafield>
  <datafield tag="790" ind1=" " ind2="1">
    <subfield code="a">Gradi,</subfield>
    <subfield code="b">Giovanni</subfield>
    <subfield code="3">IT\ICCU\CNCA\014250</subfield>
    <subfield code="z">Gradi, Jean</subfield>
  </datafield>
  <datafield tag="790" ind1=" " ind2="1">
    <subfield code="a">De_Gradibus,</subfield>
    <subfield code="b">Ioannes</subfield>
    <subfield code="3">IT\ICCU\CNCA\019177</subfield>
    <subfield code="z">Gradi, Jean</subfield>
  </datafield>
  <datafield tag="791" ind1="0" ind2="0">
    <subfield code="a">Picalea, Iacobus</subfield>
    <subfield code="3">IT\ICCU\CNCT\002508</subfield>
    <subfield code="z">Piccaglia, Giacomo</subfield>
  </datafield>
  <datafield tag="791" ind1="0" ind2="0">
    <subfield code="a">Piccaia, Giacomo</subfield>
    <subfield code="3">IT\ICCU\CNCT\002509</subfield>
    <subfield code="z">Piccaglia, Giacomo</subfield>
  </datafield>
  <datafield tag="791" ind1="0" ind2="0">
    <subfield code="a">Picaglia, Giacomo</subfield>
    <subfield code="3">IT\ICCU\CNCT\005418</subfield>
    <subfield code="z">Piccaglia, Giacomo</subfield>
  </datafield>
  <datafield tag="791" ind1="0" ind2="0">
    <subfield code="a">Piccaius, Iacobus</subfield>
    <subfield code="3">IT\ICCU\CNCT\005419</subfield>
    <subfield code="z">Piccaglia, Giacomo</subfield>
  </datafield>
  <datafield tag="791" ind1="0" ind2="0">
    <subfield code="a">Piccalia, Iacobus</subfield>
    <subfield code="3">IT\ICCU\CNCT\005420</subfield>
    <subfield code="z">Piccaglia, Giacomo</subfield>
  </datafield>
  <datafield tag="801" ind1=" " ind2="3">
    <subfield code="a">IT</subfield>
    <subfield code="b">ICCU</subfield>
    <subfield code="c">20201115</subfield>
  </datafield>
  <datafield tag="899" ind1=" " ind2=" ">
    <subfield code="a">Biblioteca provinciale dei Frati minori dell&apos;Emilia. Sezione Biblioteca dell&apos;Osservanza. Bologna</subfield>
    <subfield code="z">MUTILO</subfield>
    <subfield code="1">BO0336</subfield>
    <subfield code="2">ZBO 41</subfield>
  </datafield>
  <datafield tag="899" ind1=" " ind2=" ">
    <subfield code="a">Biblioteca Diocesana Mons. Giuliano Agresti. Lucca</subfield>
    <subfield code="z">MUTILO</subfield>
    <subfield code="1">LU0023</subfield>
    <subfield code="2">PBE 86</subfield>
  </datafield>
  <datafield tag="899" ind1=" " ind2=" ">
    <subfield code="a">Archivio storico comunale. Fondo antico Roncalli. Vigevano</subfield>
    <subfield code="1">PV0356</subfield>
    <subfield code="2">LO1 53</subfield>
  </datafield>
  <datafield tag="899" ind1=" " ind2=" ">
    <subfield code="a">Biblioteca nazionale centrale. Roma</subfield>
    <subfield code="1">RM0267</subfield>
    <subfield code="2">BVE CR</subfield>
  </datafield>
  <datafield tag="899" ind1=" " ind2=" ">
    <subfield code="a">Biblioteca diocesana  Beata Lucia Broccadelli. Narni</subfield>
    <subfield code="1">TR0059</subfield>
    <subfield code="2">UM1 77</subfield>
  </datafield>
</record>
</collection>
